@book{beardon,
	author = {Alan F. Beardon},
	year = {2000},
	title = {Iteration of Rational Functions},
	publisher = {Springer},
	series = {Graduate series in Mathematics}
}

@book{milnor,
	author = {John Milnor},
	year = {2006},
	title = {Dynamics in One Complex Variable},
	series = {Annals of Mathematics Studies},
	publisher = {Princeton University Press}
}

@book{conway,
	author = {John B. Conway},
	year = {1994},
	title = {Functions of One Complex Variable},
	edition = {2},
	publisher = {Springer},
	series = {Graduate Texts in Mathematics}
}

@book{ahlfors,
	author = {Lars V. Ahlfors},
	year = {1979},
	title = {Complex Analysis},
	edition = {3},
	publisher = {McGraw-Hill}
}
